<?xml version="1.0" encoding="UTF-8"?><record xmlns="http://www.loc.gov/MARC21/slim" xmlns:cinclude="http://apache.org/cocoon/include/1.0" xmlns:zs="http://www.loc.gov/zing/srw/">
  <leader>00448nz  a2200133n  4500</leader>
  <controlfield tag="001">nr 97042839 </controlfield>
  <controlfield tag="003">DLC</controlfield>
  <controlfield tag="005">19971206051750.7</controlfield>
  <controlfield tag="008">971202n| acannaab|          |a anc     c</controlfield>
  <datafield tag="010" ind1=" " ind2=" ">
    <subfield code="a">nr 97042839 </subfield>
  </datafield>
  <datafield tag="040" ind1=" " ind2=" ">
    <subfield code="a">NIC</subfield>
    <subfield code="c">NIC</subfield>
  </datafield>
  <datafield tag="110" ind1="2" ind2="0">
    <subfield code="a">Sathāban Wičhai Yōnok (Lampang, Thailand)</subfield>
  </datafield>
  <datafield tag="410" ind1="2" ind2="0">
    <subfield code="a">Yonok Research Institute (Lampang, Thailand)</subfield>
  </datafield>
  <datafield tag="670" ind1=" " ind2=" ">
    <subfield code="a">Nænam Sathāban Wičhai Yōnok, 1995:</subfield>
    <subfield code="b">t.p. (Sathāban Wičhai Yōnok, Yonok Research Institute)</subfield>
  </datafield>
</record>